<?xml version="1.0" encoding="UTF-8"?><collection xmlns="http://www.loc.gov/MARC21/slim"><record><leader>00588nam--2200181-u-4500</leader><controlfield tag="001">000054944</controlfield><controlfield tag="002">20161230</controlfield><controlfield tag="005">20161230201051</controlfield><controlfield tag="008">120709s1000------------r-----000-0-eng-d</controlfield><datafield ind1=" " ind2=" " tag="040"><subfield code="a">IFIN-HH</subfield></datafield><datafield ind1=" " ind2=" " tag="080"><subfield code="a">539.18:539.172(063)</subfield></datafield><datafield ind1="1" ind2=" " tag="100"><subfield code="a">Kanter, E.P</subfield></datafield><datafield ind1="1" ind2="0" tag="245"><subfield code="a">Atomic physics with fast heavy-ion beams</subfield><subfield code="b">Proceedings physics with fast heavy-ion beaams january 20-21, 1983</subfield><subfield code="c">E.p. kanter, a. minchinton (eds.)</subfield></datafield><datafield ind1=" " ind2=" " tag="260"><subfield code="a">Argonne, Illinois</subfield><subfield code="b">Argone National Laboratory</subfield><subfield code="c">1983</subfield></datafield><datafield ind1=" " ind2=" " tag="300"><subfield code="a">288P</subfield></datafield><datafield ind1="1" ind2=" " tag="700"><subfield code="a">Minchinton, A</subfield><subfield code="e">Ed</subfield></datafield><datafield ind1=" " ind2=" " tag="852"><subfield code="a">72485</subfield><subfield code="c">539.18</subfield></datafield><datafield ind1=" " ind2=" " tag="CAT"><subfield code="a">Sys</subfield><subfield code="c">20120709</subfield><subfield code="h">160248</subfield></datafield></record></collection>